<?xml version="1.0" encoding="UTF-8"?><collection xmlns="http://www.loc.gov/MARC21/slim"><record><leader>00443nam--2200133-i-4500</leader><controlfield tag="001">000023096</controlfield><controlfield tag="002">20161230</controlfield><controlfield tag="005">20161230201034</controlfield><controlfield tag="008">060222s1000------------r-----000-0-eng-d</controlfield><datafield ind1=" " ind2=" " tag="080"><subfield code="a">015:539.1.074.88:539.172.4.162.5</subfield></datafield><datafield ind1=" " ind2=" " tag="100"><subfield code="a">Hegedus, Ferenc</subfield></datafield><datafield ind1=" " ind2=" " tag="245"><subfield code="a">Detecteur de fluence de neutrons rapides, base sur /utilisant/ la reaction 93nb(n,n) 93mnb. these</subfield></datafield><datafield ind1=" " ind2=" " tag="260"><subfield code="a">Wurenlingen, Eidg. Institut Fur Reaktorforschung, 1971, 114p</subfield></datafield><datafield ind1=" " ind2=" " tag="852"><subfield code="a">13968</subfield></datafield></record></collection>